@inproceedings{T1,
  author = {Donald Knuth},
  title = {Latex},
  booktitle = {ACM}, 
  year = {1975},
  pages = {1-10}
}

