@inproceedings{Baker75,
  author = {Baker, J. K.},
  title = {The dragon system - An overview},
  booktitle = {IEEE Trans. Acoust. Speech Signal Process}, 
  year = {1975},
  pages = {24-29}
}

@techreport{CRFvsSVMstruct,
  title = {CRF versus SVM-struct for sequence labeling},
  author = {S. Sathiya Keerthi and S. Sundararajan},
  institution = {Yahoo Research Techinical Report},
  year = {2007}
}

@inproceedings{SVMstruct,
  author = {Tsochantaridis Ioannis and Hofmann Thomas and Joachims Thorsten and Altun Yasemin},
  title = {Support vector machine learning for interdependent and structured output spaces},
  booktitle = {ICML '04},
  year = {2004},
  pages = {104},
  publisher = {ACM},
  address = {New York, NY, USA},
}

@article{SVMstructJournal,
  author = {Tsochantaridis, Ioannis and Joachims, Thorsten and Hofmann, Thomas and Altun, Yasemin},
  title = {Large Margin Methods for Structured and Interdependent Output Variables},
  journal = {J. Mach. Learn. Res.},
  volume = {6},
  year = {2005},
  issn = {1533-7928},
  pages = {1453--1484},
  publisher = {MIT Press},
  address = {Cambridge, MA, USA},
}

@inproceedings{MorrisCRF,
  author = {J. Morris and E. Fosler-Lussier},
  title = {Discriminative Phonetic Recognition with Conditional Random Fields},
  booktitle = {HLT-NAACL Workshop on Computationally Hard Problems and Joint Inference in Speech and Language Processing},
  year = {2006}
}

@inproceedings{AlexHCRF,
  author = {Asela Gunawardana and Milind Mahajan and Alex Acero and John C. Platt},
  title = {Hidden Conditional Random Fields for Phone Classification},
  booktitle = {in Interspeech},
  year = {2005},
  pages = {1117--1120}
}

@inproceedings{SungHCRF,
  author = {Yun-Hsuan Sung and Constantinos Boulis and Christopher Manning and Dan Jurafsky},
  title = {Regularization, Adaptation, and Non-Independent Features Improve Hidden Conditional Random Fields for Phone Classification},
  booktitle = {IEEE ASRU 2007},
  year = {2007},
  isbn = {1-4244-1016-9},
  pages = {639-642},
  location = {Kyoto, Japan}
}

@book{Huang,
  author = {X. Huang and A. Acero and H.-W. Hon},
  title = {Spoken Language Processing},
  year = {2005},
  publisher = {Pearson Education Taiwan Ltd.},
  pages = {424-426}
}

@inproceedings{Bahl,
  author = {L. Bahl and P. Brown and P de Souza and R. Merce},
  title = {Maximum Mutual Information Estimation of Hidden Markov Model Parameters for Speech Recognition},
  booktitle = {ICASSP 1986},
  year = {1986}
}

@book{Rabiner,
  author = {Rabiner,, Lawrence R.},
  title = {A tutorial on hidden Markov models and selected applications in speech recognition},
  book = {Readings in speech recognition},
  year = {1990},
  isbn = {1-55860-124-4},
  pages = {267--296},
  publisher = {Morgan Kaufmann Publishers Inc.},
  address = {San Francisco, CA, USA},
}

@inproceedings{Juang,
  author = {B.-H. Juang and W. Chou and C.-H Lee},
  title = {Minimum Classification Error Rate Methos for Speech Recognition},
  booktitle = {IEEE Transactions on Speech and Audio Processing},
  year = {1997}
}

@inproceedings{Povey,
  author = {D. Povey and P.C. Woodland},
  title = {Minimum Phone Error and I-smoothing for Improved Discriminative Training},
  booktitle = {ICASSP 2002},
  year = {2002}
}

@inproceedings{Zheng,
  author = {J. Zheng and A. Stolcke},
  title = {Improved Discriminative Training using Phone Lattices},
  booktitle = {Interspeech 2005},
  year = {2005}
}

@inproceedings{JDu,
  author = {J. Du and P. Liu and F. K. Soong and J.-L. Zhou and R.-H. Wang},
  title = {Minimum Divergence Based Discriminative Training},
  booktitle = {Interspeech 2006},
  year = {2006}
}

@book{Jurafsky,
  author = {Daniel Jurafsky and James H. Martin},
  title = {Speech and Language Processing},
  year = {2005},
  publisher = {Pearson Education Taiwan Ltd.}
}

@inproceedings{HermanskyTandem,
  author = {Hynek Hermansky Daniel and Daniel P. W. Ellis and Sangita Sharma},
  title = {Tandem Connectionist Feature Extraction For Conventional Hmm Systems},
  booktitle = {Proc. ICASSP},
  year = {2000},
  pages = {1635--1638}
}

@inproceedings{FoslerCrandem,
  author = {Eric Fosler Lussier and Jeremy Morris},
  title = {Crandem systems: Conditional randem field acoustic models for hidden markove model},
  booktitle = {Proc. ICASSP},
  year = {2008},
  pages = {4049-4052}
}

@inproceedings{JoachimsSVMperf,
  author = {Joachims,, Thorsten},
  title = {A support vector method for multivariate performance measures},
  booktitle = {ICML '05: Proceedings of the 22nd international conference on Machine learning},
  year = {2005},
  isbn = {1-59593-180-5},
  pages = {377--384},
  location = {Bonn, Germany},
  doi = {http://doi.acm.org/10.1145/1102351.1102399},
  publisher = {ACM},
  address = {New York, NY, USA},
}

@inproceedings{JoachimsLinearSVM,
  author = {Joachims,, Thorsten},
  title = {Training linear SVMs in linear time},
  booktitle = {KDD '06: Proceedings of the 12th ACM SIGKDD international conference on Knowledge discovery and data mining},
  year = {2006},
  isbn = {1-59593-339-5},
  pages = {217--226},
  location = {Philadelphia, PA, USA},
  doi = {http://doi.acm.org/10.1145/1150402.1150429},
  publisher = {ACM},
  address = {New York, NY, USA},
}

@inproceedings{YisongSVMMAP,
  author = {Yue Yisong and Finley Thomas and Radlinski Filip and Joachims Thorsten},
  title = {A support vector method for optimizing average precision},
  booktitle = {SIGIR '07: Proceedings of the 30th annual international ACM SIGIR conference on Research and development in information retrieval},
  year = {2007},
  isbn = {978-1-59593-597-7},
  pages = {271--278},
  location = {Amsterdam, The Netherlands},
  doi = {http://doi.acm.org/10.1145/1277741.1277790},
  publisher = {ACM},
  address = {New York, NY, USA},
}

@misc{Altun03hiddenmarkov,
  author = {Yasemin Altun and Ioannis Tsochantaridis and Thomas Hofmann},
  title = {Hidden Markov Support Vector Machines},
  year = {2003}
}

@techreport{Microsoft98SMO,
  author = {John Platt Microsoft and John C. Platt},
  title = {Sequential Minimal Optimization: A Fast Algorithm for Training Support Vector Machines},
  institution = {Advances in Kernel Methods - Support Vector Learning},
  year = {1998}
}

@misc{HTK,
  author = {Cambridge University Engineering Dept. (CUED), Machine Intelligence Laboratory},
  title = {HTK},
  note = {\url{http://htk.eng.cam.ac.uk}}
}

@misc{QuickNet,
  author = {International Computer Science Institue, Speech Group},
  title = {QuickNet},
  note = {\url{http://www.icsi.berkeley.edu/Speech/qn.html}}
}

@misc{SVMHMM,
  author = {Thorsten Joachims},
  title = {SVM-HMM},
  note = {\url{http://www.cs.cornell.edu/People/tj/svm_light/svm_hmm.html}}
}

@inproceedings{KaifuLee,
  author = {K. Lee and H. Hon},
  title = {Speaker-independent phone recognition using hidden markove models},
  booktitle = {IEEE Transactions on Acoustics, Speech and Signal Processings},
  pages = {1641-1648},
  year = {1989}
}

@inproceedings{HermanskyPLP,
  title = {Perceptually based linear predictive analysis of speech},
  author = {Hermansky, H. and Hanson, B. and Wakita, H.},
  journal = {Acoustics, Speech, and Signal Processing, IEEE International Conference on ICASSP '85.},
  year = {1985},
  month = {Apr},
  volume = {10},
  number = {},
  pages = {509-512},
  doi = {},
  ISSN = {}
}

@article{FuruiCMS,
  title = {Cepstral analysis technique for automatic speaker verification},
  author = {Furui, S.},
  journal = {Acoustics, Speech and Signal Processing, IEEE Transactions on},
  year = {1981},
  month = {Apr},
  volume = {29},
  number = {2},
  pages = {254-272},
  doi = {},
  ISSN = {0096-3518}
}

@article{BaumHMM,
  author = {Baum, Leonard  E.  and Petrie, Ted  },
  citeulike-article-id = {4044902},
  doi = {10.2307/2238772},
  issn = {00034851},
  journal = {The Annals of Mathematical Statistics},
  number = {6},
  pages = {1554--1563},
  posted-at = {2009-02-13 20:25:47},
  priority = {2},
  publisher = {Institute of Mathematical Statistics},
  title = {Statistical Inference for Probabilistic Functions of Finite State Markov Chains},
  url = {http://dx.doi.org/10.2307/2238772},
  volume = {37},
  year = {1966}
}

@book{VapnikSVM,
  address = {New York, NY, USA},
  author = {Vapnik, Vladimir  N. },
  citeulike-article-id = {254315},
  isbn = {0387945598},
  keywords = {allpurpose},
  posted-at = {2009-05-12 13:47:04},
  priority = {1},
  publisher = {Springer-Verlag New York, Inc.},
  title = {The nature of statistical learning theory},
  url = {http://portal.acm.org/citation.cfm?id=211359},
  year = {1995}
}

@article{Burges98tutorial,
  author = {Christopher J.C. Burges},
  title = {A Tutorial on Support Vector Machines for Pattern Recognition},
  journal = {Data Mining and Knowledge Discovery},
  year = {1998},
  volume = {2},
  pages = {121--167}
}

@inproceedings{LargeMarginHMM,
  author = {X. Li and H. Jiand and C. Liu},
  title = {Large margin HMMs for speech recognition},
  booktitle = {IEEE Transactions on Acoustics, Speech and Signal Processings (ICASSP 05)},
  pages = {513-516},
  year = {2005}
}

@techreport{modelVStraining,
  title = {Discriminative Models, not Discriminitave Training},
  author = {Tom Minka},
  institution = {Microsoft Research},
  year = {2005}
}

